<record><leader>00000cas a2200000 a 4500</leader><controlfield tag="001">11919670</controlfield><controlfield tag="008">850415d18941895ksuwr ne      0    0eng d</controlfield><datafield ind1=" " ind2=" " tag="010"><subfield code="a">sn 85029952 </subfield></datafield><datafield ind1=" " ind2=" " tag="040"><subfield code="a">KSH</subfield><subfield code="b">eng</subfield><subfield code="c">KSH</subfield><subfield code="d">NPT</subfield><subfield code="d">OCL</subfield><subfield code="d">OCLCQ</subfield></datafield><datafield ind1=" " ind2=" " tag="042"><subfield code="a">msc</subfield></datafield><datafield ind1="0" ind2="0" tag="245"><subfield code="a">Kansas true flag.</subfield></datafield><datafield ind1=" " ind2=" " tag="260"><subfield code="a">Gardner, Kan. :</subfield><subfield code="b">L.H. Sedgewick,</subfield><subfield code="c">1894-1895.</subfield></datafield><datafield ind1=" " ind2=" " tag="300"><subfield code="a">1 v. :</subfield><subfield code="b">ill. ;</subfield><subfield code="c">50-60 cm.</subfield></datafield><datafield ind1=" " ind2=" " tag="310"><subfield code="a">Weekly</subfield></datafield><datafield ind1="0" ind2=" " tag="362"><subfield code="a">Vol. 1, no. 1 (Sept. 22, 1894)-v. 1, no. 52 (Sept. 27, 1895).</subfield></datafield><datafield ind1=" " ind2=" " tag="500"><subfield code="a">Published by: G.R. Hickok, Feb. 15-July 5, 1895; Frank Luey, July 12-Sept. 27, 1895.</subfield></datafield><datafield ind1=" " ind2=" " tag="500"><subfield code="a">"Only true blue republican paper in the county," &lt;Jan. 19-Feb. 9, 1895&gt;.</subfield></datafield><datafield ind1=" " ind2=" " tag="752"><subfield code="a">United States</subfield><subfield code="b">Kansas</subfield><subfield code="c">Johnson</subfield><subfield code="d">Gardner.</subfield></datafield><datafield ind1="0" ind2="0" tag="785"><subfield code="t">Gardner flag</subfield><subfield code="w">(DLC)sn 85029957</subfield></datafield></record>